
<record>
<header>
<identifier>oai:revistas.usp.br:article/102259</identifier>
<datestamp>2020-07-31T22:56:24Z</datestamp>
<setSpec>actafisiatrica:Art.+Orig.</setSpec>
<setSpec>driver</setSpec>
</header>
<metadata>
<record xmlns="http://www.loc.gov/MARC21/slim" xmlns:xsi="http://www.w3.org/2001/XMLSchema-instance" xsi:schemaLocation="http://www.loc.gov/MARC21/slim http://www.loc.gov/standards/marcxml/schema/MARC21slim.xsd">
<leader>     nmb a2200000Iu 4500</leader>
<controlfield tag="008">"000809 2000                        eng  "</controlfield>
<datafield tag="022" ind1="#" ind2="#">
<subfield code="$a">2317-0190</subfield>
</datafield>
<datafield tag="022" ind1="#" ind2="#">
<subfield code="$a">0104-7795</subfield>
</datafield>
<datafield tag="042" ind1=" " ind2=" ">
<subfield code="a">dc</subfield>
</datafield>
<datafield tag="245" ind1="0" ind2="0">
<subfield code="a">Níveis de lactato sanguíneo, em futebolistas profissionais, verificados após o primeiro e o segundo tempos em partidas de futebol</subfield>
</datafield>  <datafield tag="720" ind1="1" ind2=" ">
<subfield code="a">Silva, Paulo Roberto Santos</subfield>
</datafield>
<datafield tag="720" ind1="1" ind2=" ">
<subfield code="a">Inarra, Luís Antonio</subfield>
</datafield>
<datafield tag="720" ind1="1" ind2=" ">
<subfield code="a">Vidal, José Roberto Rivelino</subfield>
</datafield>
<datafield tag="720" ind1="1" ind2=" ">
<subfield code="a">Oberg, Alexandre Augusto Ribeiro Barros</subfield>
</datafield>
<datafield tag="720" ind1="1" ind2=" ">
<subfield code="a">Fonseca Junior, Alcides</subfield>
</datafield>
<datafield tag="720" ind1="1" ind2=" ">
<subfield code="a">Roxo, Carla Dal Maso Nunes</subfield>
</datafield>
<datafield tag="720" ind1="1" ind2=" ">
<subfield code="a">Machado, Gilberto Silva</subfield>
</datafield>
<datafield tag="720" ind1="1" ind2=" ">
<subfield code="a">Teixeira, Alberto Azevedo Alves</subfield>
</datafield>
<datafield tag="520" ind1=" " ind2=" ">
<subfield code="a"> O objetivo desse estudo foi verificar o envolvimento do metabolismo anaeróbio lático por meio de medidas de lactato sanguíneo em futebolistas profissionais imediatamente após o término do primeiro e do segundo tempos, em partidas de futebol. Foram avaliados 26 jogadores, todos do sexo masculino e pertencentes ao Departamento de Futebol Profissional da Associação Portuguesa de Desportos de São Paulo. O grupo foi composto por 4 laterais, 13 meio-campistas e 9 atacantes. A idade variou de 18 a 33 anos, o peso de 56,5 kg a 78,5 kg e a estatura de 164 cm a 185 cm. A escolha dos futebolistas durante os procedimentos foi aleatória. Foi utilizado um analisador de lactato portátil (modelo Accusport®, Boehringer Mannheim®, GER). Os seguintes resultados foram verificados: a média de lactato em todos os jogadores verificados ao final do primeiro e do segundo tempos das partidas analisadas foi de 7,1 mM ± 0,6 mM e 5,7 mM ± 1,3 mM (p &lt; 0,05). Quando divididos por posição, os laterais apresentaram respectivamente: 6,9 mM ± 2,9 mM e 4,7 mM ± 3,0 mM; os meiocampistas: 6,4 mM ± 1,8 mM e 5,6 mM ± 1,2 mM e os atacantes: 7,7 mM ± 1,8 mM e 7,2 ± 2,1 mM. Quando comparamos a produção de lactato pelas posições, somente houve diferença estatística significante (p &lt; 0,05) no segundo tempo entre os atacantes 7,2 mM ± 2,1 mM e os meio-campistas 5,6 mM ± 1,2 mM, respectivamente. Conclusão: Fatores subjetivos como grau de movimentação, recuperação rápida e disposição constante na partida, relacionados a fatores primários como atividade glicolítica reduzida e a diminuição da concentração de glicogênio muscular, motivados por pouco treinamento anaeróbio lático específico e/ou uma dieta deficiente, são evidências que podem explicar, em parte, porque o lactato sanguíneo no segundo tempo tem sido freqüentemente mais baixo quando comparado ao término do primeiro tempo em uma partida de futebol. </subfield>
</datafield>
<datafield tag="260" ind1=" " ind2=" ">
<subfield code="b">Faculdade de Medicina, Universidade de São Paulo</subfield>
</datafield>
<dataField tag="260" ind1=" " ind2=" ">
<subfield code="c">2000-08-09 00:00:00</subfield>
</dataField>   <datafield tag="856" ind1=" " ind2=" ">
<subfield code="q">application/pdf</subfield>
</datafield>
<datafield tag="856" ind1="4" ind2="0">
<subfield code="u">https://www.revistas.usp.br/actafisiatrica/article/view/102259</subfield>
</datafield>  <datafield tag="786" ind1="0" ind2=" ">
<subfield code="n">Acta Fisiátrica; v. 7 n. 2 (2000)</subfield>
</datafield>  <datafield tag="546" ind1=" " ind2=" ">
<subfield code="a">por</subfield>
</datafield>   <datafield tag="540" ind1=" " ind2=" ">
<subfield code="a">Copyright (c) 2000 Acta Fisiátrica</subfield>
</datafield>
</record>
</metadata>
</record>