
<record>
<header>
<identifier>oai:revistas.usp.br:article/102261</identifier>
<datestamp>2020-07-31T22:56:37Z</datestamp>
<setSpec>actafisiatrica:Est.+Prel.</setSpec>
<setSpec>driver</setSpec>
</header>
<metadata>
<record xmlns="http://www.loc.gov/MARC21/slim" xmlns:xsi="http://www.w3.org/2001/XMLSchema-instance" xsi:schemaLocation="http://www.loc.gov/MARC21/slim http://www.loc.gov/standards/marcxml/schema/MARC21slim.xsd">
<leader>     nmb a2200000Iu 4500</leader>
<controlfield tag="008">"000809 2000                        eng  "</controlfield>
<datafield tag="022" ind1="#" ind2="#">
<subfield code="$a">2317-0190</subfield>
</datafield>
<datafield tag="022" ind1="#" ind2="#">
<subfield code="$a">0104-7795</subfield>
</datafield>
<datafield tag="042" ind1=" " ind2=" ">
<subfield code="a">dc</subfield>
</datafield>
<datafield tag="245" ind1="0" ind2="0">
<subfield code="a">Avaliação da dor no ombro em paciente com acidente vascular cerebral</subfield>
</datafield>  <datafield tag="720" ind1="1" ind2=" ">
<subfield code="a">Silva, Cláudia de Oliveira e</subfield>
<subfield code="u">Universidade de São Paulo. Faculdade de Medicina</subfield></datafield>
<datafield tag="720" ind1="1" ind2=" ">
<subfield code="a">Riberto, Marcelo</subfield>
<subfield code="u">Universidade de São Paulo. Faculdade de Medicina</subfield><subfield code="0">https://orcid.org/0000-0001-9549-8830</subfield></datafield>
<datafield tag="720" ind1="1" ind2=" ">
<subfield code="a">Battistella, Linamara Rizzo</subfield>
<subfield code="u">Universidade de São Paulo. Faculdade de Medicina</subfield><subfield code="0">https://orcid.org/0000-0001-5275-0733</subfield></datafield>
<datafield tag="520" ind1=" " ind2=" ">
<subfield code="a"> O objetivo desse estudo preliminar é avaliar as causas de dor no ombro de pacientes hemiplégicos, bem como verificar a ocorrência e a evolução do tratamento da síndrome dolorosa miofascial (SDMF). Para isso, seis pacientes hemiplégicos (cinco espásticos grau II, segundo Ashworth e um flácido) com idade: 55, 85 +/- 1, 50 anos, tempo de AVC de 6, 85 +/- 2, 54 meses, e queixas de dor no ombro paralisado há 13, 33 +/- 1, 69 semanas, foram submetidos a um protocolo de avaliação qualitativa (questionário de MacGuill simplificado e quantitativa por meio da escala visual analógica – EVA e dolorimetria de pressão), além da avaliação goniométrica ativa e passiva do ombro. Todos os pacientes apresentaram à palpação muscular, SDMF associada e foram infiltrados com lidocaína a 1% em pontos-gatilho (PGs) intramusculares. As queixas predominantes foram dor em queimor em quatro, peso em três e incaracterística em dois. Nenhum paciente referiu queixas de formigamento, choque, adormecimento e agulhadas. Quatro pacientes foram infiltrados em PGs na musculatura posterior do ombro, um em bíceps e outro em peitoral maior. Não houve melhora significativa na evolução dolorimétrica de pressão e na goniometria após a infiltração desses PGs (p &gt; 0,05). Nesse estudo, diagnosticamos por meios clínicos e/ou radiológicos (RX e USG): um paciente com capsulite adesiva, um com tendinite bicipital e outro com tendinite no supra-espinhal. Não se diagnosticou subluxação na articulação glenoumeral, nem sinais clínicos de lesão nervosa periférica. </subfield>
</datafield>
<datafield tag="260" ind1=" " ind2=" ">
<subfield code="b">Faculdade de Medicina, Universidade de São Paulo</subfield>
</datafield>
<dataField tag="260" ind1=" " ind2=" ">
<subfield code="c">2000-08-09 00:00:00</subfield>
</dataField>   <datafield tag="856" ind1=" " ind2=" ">
<subfield code="q">application/pdf</subfield>
</datafield>
<datafield tag="856" ind1="4" ind2="0">
<subfield code="u">https://www.revistas.usp.br/actafisiatrica/article/view/102261</subfield>
</datafield>  <datafield tag="786" ind1="0" ind2=" ">
<subfield code="n">Acta Fisiátrica; v. 7 n. 2 (2000)</subfield>
</datafield>  <datafield tag="546" ind1=" " ind2=" ">
<subfield code="a">por</subfield>
</datafield>   <datafield tag="540" ind1=" " ind2=" ">
<subfield code="a">Copyright (c) 2000 Acta Fisiátrica</subfield>
</datafield>
</record>
</metadata>
</record>