
<record>
<header>
<identifier>oai:revistas.usp.br:article/102262</identifier>
<datestamp>2020-07-31T22:58:18Z</datestamp>
<setSpec>actafisiatrica:Art.+Orig.</setSpec>
<setSpec>driver</setSpec>
</header>
<metadata>
<record xmlns="http://www.loc.gov/MARC21/slim" xmlns:xsi="http://www.w3.org/2001/XMLSchema-instance" xsi:schemaLocation="http://www.loc.gov/MARC21/slim http://www.loc.gov/standards/marcxml/schema/MARC21slim.xsd">
<leader>     nmb a2200000Iu 4500</leader>
<controlfield tag="008">"001204 2000                        eng  "</controlfield>
<datafield tag="022" ind1="#" ind2="#">
<subfield code="$a">2317-0190</subfield>
</datafield>
<datafield tag="022" ind1="#" ind2="#">
<subfield code="$a">0104-7795</subfield>
</datafield>
<datafield tag="042" ind1=" " ind2=" ">
<subfield code="a">dc</subfield>
</datafield>
<datafield tag="245" ind1="0" ind2="0">
<subfield code="a">Perfil dos pacientes hemiplégicos atendidos no Lar Escola São Francisco - Centro de Reabilitação</subfield>
</datafield>  <datafield tag="720" ind1="1" ind2=" ">
<subfield code="a">Bruno, Auri de Abreu</subfield>
<subfield code="u">Universidade Federal de São Paulo</subfield></datafield>
<datafield tag="720" ind1="1" ind2=" ">
<subfield code="a">Farias, Carolinne Atta</subfield>
<subfield code="u">Universidade Federal de São Paulo</subfield></datafield>
<datafield tag="720" ind1="1" ind2=" ">
<subfield code="a">Iryia, Guilherme Tsutomu</subfield>
<subfield code="u">Universidade Federal de São Paulo</subfield></datafield>
<datafield tag="720" ind1="1" ind2=" ">
<subfield code="a">Masiero, Danilo</subfield>
<subfield code="u">Universidade Federal de São Paulo</subfield></datafield>
<datafield tag="520" ind1=" " ind2=" ">
<subfield code="a"> Realizamos um estudo retrospectivo por meio do levantamento de 147 prontuários de pacientes hemiplégicos atendidos na Disciplina de Fisiatria do Departamento de Ortopedia e Traumatologia da Universidade Federal de São Paulo/Escola Paulista de Medicina – Lar Escola São Francisco – Centro de Reabilitação. O período escolhido, janeiro de 1995 a dezembro de 1998, foi posterior à implantação dos grupos de hemiplegia, com o objetivo de conhecermos o perfil dos hemiplégicos atendidos na instituição, compararmos o tempo de permanência entre o atendimento individual e o em grupo, para auxiliar na otimização do tratamento. Os autores observaram predomínio da hemiplegia no sexo masculino e no hemicorpo direito. A maioria era constituída de pacientes atendidos pelo Sistema Único de Saúde, tendo freqüentado terapias 2 vezes por semana com duração de 1 hora, em grupo de 4 a 6 pacientes. A principal etiologia encontrada foi a lesão isquêmica. O tempo de permanência na instituição variou de 2 meses a 2 anos, com a média de permanência muito acima dos critérios de prognóstico descritos na literatura mundial, o que deveremos rever para os tratamentos futuros. </subfield>
</datafield>
<datafield tag="260" ind1=" " ind2=" ">
<subfield code="b">Faculdade de Medicina, Universidade de São Paulo</subfield>
</datafield>
<dataField tag="260" ind1=" " ind2=" ">
<subfield code="c">2000-12-04 00:00:00</subfield>
</dataField>   <datafield tag="856" ind1=" " ind2=" ">
<subfield code="q">application/pdf</subfield>
</datafield>
<datafield tag="856" ind1="4" ind2="0">
<subfield code="u">https://www.revistas.usp.br/actafisiatrica/article/view/102262</subfield>
</datafield>  <datafield tag="786" ind1="0" ind2=" ">
<subfield code="n">Acta Fisiátrica; v. 7 n. 3 (2000)</subfield>
</datafield>  <datafield tag="546" ind1=" " ind2=" ">
<subfield code="a">por</subfield>
</datafield>   <datafield tag="540" ind1=" " ind2=" ">
<subfield code="a">Copyright (c) 2000 Acta Fisiátrica</subfield>
</datafield>
</record>
</metadata>
</record>