
<record>
<header>
<identifier>oai:revistas.usp.br:article/102263</identifier>
<datestamp>2020-07-31T22:58:23Z</datestamp>
<setSpec>actafisiatrica:Art.+Orig.</setSpec>
<setSpec>driver</setSpec>
</header>
<metadata>
<record xmlns="http://www.loc.gov/MARC21/slim" xmlns:xsi="http://www.w3.org/2001/XMLSchema-instance" xsi:schemaLocation="http://www.loc.gov/MARC21/slim http://www.loc.gov/standards/marcxml/schema/MARC21slim.xsd">
<leader>     nmb a2200000Iu 4500</leader>
<controlfield tag="008">"001204 2000                        eng  "</controlfield>
<datafield tag="022" ind1="#" ind2="#">
<subfield code="$a">2317-0190</subfield>
</datafield>
<datafield tag="022" ind1="#" ind2="#">
<subfield code="$a">0104-7795</subfield>
</datafield>
<datafield tag="042" ind1=" " ind2=" ">
<subfield code="a">dc</subfield>
</datafield>
<datafield tag="245" ind1="0" ind2="0">
<subfield code="a">Relação entre lordose lombar e desempenho da musculatura abdominal em alunos de fisioterapia</subfield>
</datafield>  <datafield tag="720" ind1="1" ind2=" ">
<subfield code="a">Pinto, Roberta Ramos</subfield>
<subfield code="u">Universidade Estadual de Londrina</subfield></datafield>
<datafield tag="720" ind1="1" ind2=" ">
<subfield code="a">Guerino, Christiane de Souza</subfield>
<subfield code="u">Universidade Estadual de Londrina</subfield></datafield>
<datafield tag="720" ind1="1" ind2=" ">
<subfield code="a">Consolin, Daniela Bittencourt</subfield>
<subfield code="u">Universidade Estadual de Londrina</subfield></datafield>
<datafield tag="720" ind1="1" ind2=" ">
<subfield code="a">Cunha, Ana Cláudia Violino da</subfield>
<subfield code="u">Universidade Estadual de Londrina</subfield></datafield>
<datafield tag="520" ind1=" " ind2=" ">
<subfield code="a"> Sabendo-se que a metade do peso corporal está em equilíbrio estável sobre a coluna lombar, toda a musculatura estabilizadora desta região é importante, em especial os músculos abdominais. Esses músculos revestem as paredes laterais, anterior e posterior do abdome, agindo como uma espécie de cinta que contém as vísceras, auxiliam no equilíbrio e atuam diretamente na estática e na dinâmica da pelve, sendo muito importante para a postura do corpo. Não há comprovação científica de que a habilidade da musculatura abdominal esteja realmente relacionada com a postura ereta relaxada e conseqüentemente com a angulação lordótica lombar. Com o objetivo de relacionar a força abdominal e o ângulo da lordose lombar, foi utilizado como medida o ângulo da lordose lombar com o auxílio de radiografias da região lombar realizadas com o indivíduo em posição ortostática, e a performance abdominal com o auxílio de um esfigmomanômetro. Para esse estudo foram avaliados 50 alunos assintomáticos do curso de fisioterapia da Universidade Estadual de Londrina, com idade média entre 22,08 anos; destes, 5 eram homens e 45, mulheres. Como resultado, não foi encontrada correlação significante entre os parâmetros analisados. </subfield>
</datafield>
<datafield tag="260" ind1=" " ind2=" ">
<subfield code="b">Faculdade de Medicina, Universidade de São Paulo</subfield>
</datafield>
<dataField tag="260" ind1=" " ind2=" ">
<subfield code="c">2000-12-04 00:00:00</subfield>
</dataField>   <datafield tag="856" ind1=" " ind2=" ">
<subfield code="q">application/pdf</subfield>
</datafield>
<datafield tag="856" ind1="4" ind2="0">
<subfield code="u">https://www.revistas.usp.br/actafisiatrica/article/view/102263</subfield>
</datafield>  <datafield tag="786" ind1="0" ind2=" ">
<subfield code="n">Acta Fisiátrica; v. 7 n. 3 (2000)</subfield>
</datafield>  <datafield tag="546" ind1=" " ind2=" ">
<subfield code="a">por</subfield>
</datafield>   <datafield tag="540" ind1=" " ind2=" ">
<subfield code="a">Copyright (c) 2000 Acta Fisiátrica</subfield>
</datafield>
</record>
</metadata>
</record>