
<record>
<header>
<identifier>oai:revistas.usp.br:article/102265</identifier>
<datestamp>2020-07-31T22:58:30Z</datestamp>
<setSpec>actafisiatrica:Art.+Orig.</setSpec>
<setSpec>driver</setSpec>
</header>
<metadata>
<record xmlns="http://www.loc.gov/MARC21/slim" xmlns:xsi="http://www.w3.org/2001/XMLSchema-instance" xsi:schemaLocation="http://www.loc.gov/MARC21/slim http://www.loc.gov/standards/marcxml/schema/MARC21slim.xsd">
<leader>     nmb a2200000Iu 4500</leader>
<controlfield tag="008">"001204 2000                        eng  "</controlfield>
<datafield tag="022" ind1="#" ind2="#">
<subfield code="$a">2317-0190</subfield>
</datafield>
<datafield tag="022" ind1="#" ind2="#">
<subfield code="$a">0104-7795</subfield>
</datafield>
<datafield tag="042" ind1=" " ind2=" ">
<subfield code="a">dc</subfield>
</datafield>
<datafield tag="245" ind1="0" ind2="0">
<subfield code="a">Estudo da marcha em idosos: resultados preliminares</subfield>
</datafield>  <datafield tag="720" ind1="1" ind2=" ">
<subfield code="a">Castro, Carmen Lúcia Natividade de</subfield>
<subfield code="u">Universidade Federal do Rio de Janeiro</subfield></datafield>
<datafield tag="720" ind1="1" ind2=" ">
<subfield code="a">Santos, Jucyleide Antonia de Castro Borba</subfield>
<subfield code="u">Universidade Federal do Rio de Janeiro</subfield></datafield>
<datafield tag="720" ind1="1" ind2=" ">
<subfield code="a">Leifeld, Paula</subfield>
<subfield code="u">Universidade Federal do Rio de Janeiro</subfield></datafield>
<datafield tag="720" ind1="1" ind2=" ">
<subfield code="a">Bizzo, Luciana Velasco</subfield>
<subfield code="u">Universidade Federal do Rio de Janeiro</subfield></datafield>
<datafield tag="720" ind1="1" ind2=" ">
<subfield code="a">Silva, Leonardo da Costa</subfield>
<subfield code="u">Universidade Federal do Rio de Janeiro</subfield></datafield>
<datafield tag="720" ind1="1" ind2=" ">
<subfield code="a">Almeida, Tatiana</subfield>
<subfield code="u">Universidade Federal do Rio de Janeiro</subfield></datafield>
<datafield tag="720" ind1="1" ind2=" ">
<subfield code="a">Bueno, Anna Paula Chagas</subfield>
<subfield code="u">Universidade Federal do Rio de Janeiro</subfield></datafield>
<datafield tag="720" ind1="1" ind2=" ">
<subfield code="a">Teixeira, Renata Duarte</subfield>
<subfield code="u">Universidade Federal do Rio de Janeiro</subfield></datafield>
<datafield tag="520" ind1=" " ind2=" ">
<subfield code="a"> Os objetivos foram avaliar parâmetros tempo-espaciais da marcha de idosos brasileiros e comparar o valor médio da velocidade confortável da marcha com um banco de dados estrangeiro (de Oberg) de parâmetros básicos da marcha. Metodo: Foram estudados 15 voluntários saudáveis (8 homens, 7 mulheres) dos 60 aos 79 anos de idade. As medidas foram realizadas no playgroung dos prédios onde residiam. A velocidade da marcha foi medida para uma distância de 6 m; o comprimento do passo, a largura da passada e o ângulo dos pés foram medidos a partir de impressões plantares. A cadência foi calculada a partir da velocidade da marcha e do comprimento do passo. Resultados: O valor médio da velocidade confortável da marcha variou de 1,05 + 0,14 m/s para mulheres da faixa etária de 60 anos a 1,10 + 0,13 m/s para homens da faixa etária de 70 anos. Os valores médios do comprimento do passo, da largura da passada, do ângulo dos pés e da cadência foram respectivamente 52,1 + 8,75 cm; 11,2 + 3,49 cm; 119,4 + 11,07 passos/min e 13,5 + 8,53 graus para os homens e 46,6 + 8,08 cm; 6,75 + 7,07cm; 137,4 + 22,64 passos/min e 7,5 + 5,1 graus para as mulheres. Conclusão: O menor valor da velocidade da marcha encontrado para os nossos idosos (apesar da casuística pequena), quando confrontado com os dados de Oberg, sugere a importância de estudos completos para suprir a falta de dados normativos de parâmetros da marcha para a população brasileira. </subfield>
</datafield>
<datafield tag="260" ind1=" " ind2=" ">
<subfield code="b">Faculdade de Medicina, Universidade de São Paulo</subfield>
</datafield>
<dataField tag="260" ind1=" " ind2=" ">
<subfield code="c">2000-12-04 00:00:00</subfield>
</dataField>   <datafield tag="856" ind1=" " ind2=" ">
<subfield code="q">application/pdf</subfield>
</datafield>
<datafield tag="856" ind1="4" ind2="0">
<subfield code="u">https://www.revistas.usp.br/actafisiatrica/article/view/102265</subfield>
</datafield>  <datafield tag="786" ind1="0" ind2=" ">
<subfield code="n">Acta Fisiátrica; v. 7 n. 3 (2000)</subfield>
</datafield>  <datafield tag="546" ind1=" " ind2=" ">
<subfield code="a">por</subfield>
</datafield>   <datafield tag="540" ind1=" " ind2=" ">
<subfield code="a">Copyright (c) 2000 Acta Fisiátrica</subfield>
</datafield>
</record>
</metadata>
</record>