
<record>
<header>
<identifier>oai:revistas.usp.br:article/102269</identifier>
<datestamp>2020-07-31T23:00:43Z</datestamp>
<setSpec>actafisiatrica:Art.+Rev.</setSpec>
<setSpec>driver</setSpec>
</header>
<metadata>
<record xmlns="http://www.loc.gov/MARC21/slim" xmlns:xsi="http://www.w3.org/2001/XMLSchema-instance" xsi:schemaLocation="http://www.loc.gov/MARC21/slim http://www.loc.gov/standards/marcxml/schema/MARC21slim.xsd">
<leader>     nmb a2200000Iu 4500</leader>
<controlfield tag="008">"010409 2001                        eng  "</controlfield>
<datafield tag="022" ind1="#" ind2="#">
<subfield code="$a">2317-0190</subfield>
</datafield>
<datafield tag="022" ind1="#" ind2="#">
<subfield code="$a">0104-7795</subfield>
</datafield>
<datafield tag="042" ind1=" " ind2=" ">
<subfield code="a">dc</subfield>
</datafield>
<datafield tag="245" ind1="0" ind2="0">
<subfield code="a">Fatores ambientais que influenciam a plasticidade do SNC</subfield>
</datafield>  <datafield tag="720" ind1="1" ind2=" ">
<subfield code="a">Oliveira, Claudia Eunice Neves de</subfield>
<subfield code="u">Universidade Presbiteriana Mackenzie</subfield></datafield>
<datafield tag="720" ind1="1" ind2=" ">
<subfield code="a">Salina, Maria Elisabete</subfield>
<subfield code="u">Universidade da Cidade de São Paulo</subfield></datafield>
<datafield tag="720" ind1="1" ind2=" ">
<subfield code="a">Annunciato, Nelson Francisco</subfield>
<subfield code="u">Universidade Presbiteriana Mackenzie</subfield></datafield>
<datafield tag="520" ind1=" " ind2=" ">
<subfield code="a"> O SNC possui uma rede neural complexa, com células altamente especializadas, que fazem milhares de conexões a todo momento e determinam a sensibilidade e as ações motoras, traduzindo-as em comportamento. Na presença de lesões, há um desarranjo nesta rede neural e o SNC inicia seus processos de reorganização e regeneração. A plasticidade neural refere-se à capacidade que o SN possui em alterar algumas das suas propriedades morfológicas e funcionais em resposta às alterações do ambiente. A análise dos aspectos plásticos do SNC permite-nos relacioná-los a vários fatores, como a influência do meio ambiente, o estado emocional, o nível cognitivo, entre outros, que interferem direta ou indiretamente na plasticidade do SNC e, conseqüentemente, na reabilitação do paciente neurológico. Assim, por meio da revisão da literatura, procuramos uma fundamentação teórica, a qual trará bases para a prática clínica, buscando uma nova visão sobre as perspectivas de reabilitação do paciente neurológico adulto. </subfield>
</datafield>
<datafield tag="260" ind1=" " ind2=" ">
<subfield code="b">Faculdade de Medicina, Universidade de São Paulo</subfield>
</datafield>
<dataField tag="260" ind1=" " ind2=" ">
<subfield code="c">2001-04-09 00:00:00</subfield>
</dataField>   <datafield tag="856" ind1=" " ind2=" ">
<subfield code="q">application/pdf</subfield>
</datafield>
<datafield tag="856" ind1="4" ind2="0">
<subfield code="u">https://www.revistas.usp.br/actafisiatrica/article/view/102269</subfield>
</datafield>  <datafield tag="786" ind1="0" ind2=" ">
<subfield code="n">Acta Fisiátrica; v. 8 n. 1 (2001)</subfield>
</datafield>  <datafield tag="546" ind1=" " ind2=" ">
<subfield code="a">por</subfield>
</datafield>   <datafield tag="540" ind1=" " ind2=" ">
<subfield code="a">Copyright (c) 2001 Acta Fisiátrica</subfield>
</datafield>
</record>
</metadata>
</record>