
<record>
<header>
<identifier>oai:revistas.usp.br:article/102271</identifier>
<datestamp>2020-07-31T23:00:52Z</datestamp>
<setSpec>actafisiatrica:Art.+Orig.</setSpec>
<setSpec>driver</setSpec>
</header>
<metadata>
<record xmlns="http://www.loc.gov/MARC21/slim" xmlns:xsi="http://www.w3.org/2001/XMLSchema-instance" xsi:schemaLocation="http://www.loc.gov/MARC21/slim http://www.loc.gov/standards/marcxml/schema/MARC21slim.xsd">
<leader>     nmb a2200000Iu 4500</leader>
<controlfield tag="008">"010409 2001                        eng  "</controlfield>
<datafield tag="022" ind1="#" ind2="#">
<subfield code="$a">2317-0190</subfield>
</datafield>
<datafield tag="022" ind1="#" ind2="#">
<subfield code="$a">0104-7795</subfield>
</datafield>
<datafield tag="042" ind1=" " ind2=" ">
<subfield code="a">dc</subfield>
</datafield>
<datafield tag="245" ind1="0" ind2="0">
<subfield code="a">Efeito do treinamento muscular realizado com pesos, variando a carga contínua e intermitente em jogadores de futebol</subfield>
</datafield>  <datafield tag="100" ind1="1" ind2=" ">
<subfield code="a">Silva, Paulo Roberto Santos</subfield>
<subfield code="u">Ortocity - Divisão de Medicina Esportiva</subfield></datafield>
<datafield tag="520" ind1=" " ind2=" ">
<subfield code="a"> O objetivo deste estudo foi comparar o efeito do treinamento físico muscular com pesos, realizando exercícios de maneira contínua e intermitente. Foram estudados 20 jogadores de futebol, com idade variando entre 18 e 20 anos, categoria juniores, antes e após 12 semanas de treinamento. Todos foram submetidos a teste máximo por repetição do grupo muscular extensores dos joelhos, utilizando o exercício LegPress na posição horizontal em equipamento (modelo Cybex, EUA). Eles foram divididos em dois grupos: (I) contínuo e (II) intermitente. Os exercícios foram realizados duas vezes por semana, em dias alternados. Ambos os grupos treinaram somente nas formas contínua e intermitente até o final do estudo. Na forma contínua, os futebolistas realizaram 3 séries de 12 repetições a 70% e após recuperação de 2 minutos mais 3 séries de 25 repetições a 50%. Na forma intermitente, os futebolistas realizaram também, na mesma sessão, 3 séries de 12 repetições a 70% e 3 séries de 25 repetições a 50% de maneira alternada, ou seja, uma série a 70% e logo após outra a 50%, e assim sucessivamente. Em ambas as formas de trabalho, a recuperação entre as repetições variou de 30 a 60 segundos. Antes e após o período de treinamento, os seguintes resultados foram verificados: o grupo I atingiu valores de força nos extensores dos joelhos de 132,0 ± 4,0 kg vs. 145,0 ± 5,0 kg, ganho significante de 10% (p &lt; 0,05); o grupo II atingiu valores de 131,0 ± 7,0 kg vs. 161,0 ± 9,0 kg, ganho significante de 23% (p &lt; 0,05). Quando comparamos o delta diferencial entre as duas modalidades de trabalho, o treinamento intermitente foi 11% maior (p &lt; 0,05). Concluindo, ambas as formas de treinamento aumentaram a força muscular. Contudo, a alternância de intensidade dos exercícios, realizada na mesma sessão pela forma intermitente, foi mais eficiente e parece se ajustar melhor às características de solicitação motora realizada pelos futebolistas durante uma partida de futebol. </subfield>
</datafield>
<datafield tag="260" ind1=" " ind2=" ">
<subfield code="b">Faculdade de Medicina, Universidade de São Paulo</subfield>
</datafield>
<dataField tag="260" ind1=" " ind2=" ">
<subfield code="c">2001-04-09 00:00:00</subfield>
</dataField>   <datafield tag="856" ind1=" " ind2=" ">
<subfield code="q">application/pdf</subfield>
</datafield>
<datafield tag="856" ind1="4" ind2="0">
<subfield code="u">https://www.revistas.usp.br/actafisiatrica/article/view/102271</subfield>
</datafield>  <datafield tag="786" ind1="0" ind2=" ">
<subfield code="n">Acta Fisiátrica; v. 8 n. 1 (2001)</subfield>
</datafield>  <datafield tag="546" ind1=" " ind2=" ">
<subfield code="a">por</subfield>
</datafield>   <datafield tag="540" ind1=" " ind2=" ">
<subfield code="a">Copyright (c) 2001 Acta Fisiátrica</subfield>
</datafield>
</record>
</metadata>
</record>