
<record>
<header>
<identifier>oai:revistas.usp.br:article/102272</identifier>
<datestamp>2020-07-31T23:00:56Z</datestamp>
<setSpec>actafisiatrica:Art.+Orig.</setSpec>
<setSpec>driver</setSpec>
</header>
<metadata>
<record xmlns="http://www.loc.gov/MARC21/slim" xmlns:xsi="http://www.w3.org/2001/XMLSchema-instance" xsi:schemaLocation="http://www.loc.gov/MARC21/slim http://www.loc.gov/standards/marcxml/schema/MARC21slim.xsd">
<leader>     nmb a2200000Iu 4500</leader>
<controlfield tag="008">"010409 2001                        eng  "</controlfield>
<datafield tag="022" ind1="#" ind2="#">
<subfield code="$a">2317-0190</subfield>
</datafield>
<datafield tag="022" ind1="#" ind2="#">
<subfield code="$a">0104-7795</subfield>
</datafield>
<datafield tag="042" ind1=" " ind2=" ">
<subfield code="a">dc</subfield>
</datafield>
<datafield tag="245" ind1="0" ind2="0">
<subfield code="a">Padrões mínimos de conduta em medicina eletrodiagnóstica</subfield>
</datafield>  <datafield tag="100" ind1="1" ind2=" ">
<subfield code="a">Carneiro, Armando Pereira</subfield>
<subfield code="u">Hospital Arapiara</subfield></datafield>
<datafield tag="520" ind1=" " ind2=" ">
<subfield code="a"> As principais situações em que um exame eletroneuromiográfico e de potenciais evocados são necessários foram alinhadas com justificativas para sua realização. Limites mínimos foram definidos para a extensão do exame em miopatias, doenças da placa motora, dos nervos periféricos, das raízes e dos plexos, do SNC, dos neurônios motores, dos esfíncteres e da função sexual. Elaborados critérios para formação de pessoal especializado e exigências para os serviços de neurofisiologia, como relatórios, esterilizações e descarte de materiais, e atendimento às complicações. A SBMFR – cap. Neurofisiologia Clínica – emitirá selos de qualidade e certificados a seus membros e serviços que estejam cumprindo esses padrões mínimos de conduta em medicina eletrodiagnóstica. </subfield>
</datafield>
<datafield tag="260" ind1=" " ind2=" ">
<subfield code="b">Faculdade de Medicina, Universidade de São Paulo</subfield>
</datafield>
<dataField tag="260" ind1=" " ind2=" ">
<subfield code="c">2001-04-09 00:00:00</subfield>
</dataField>   <datafield tag="856" ind1=" " ind2=" ">
<subfield code="q">application/pdf</subfield>
</datafield>
<datafield tag="856" ind1="4" ind2="0">
<subfield code="u">https://www.revistas.usp.br/actafisiatrica/article/view/102272</subfield>
</datafield>  <datafield tag="786" ind1="0" ind2=" ">
<subfield code="n">Acta Fisiátrica; v. 8 n. 1 (2001)</subfield>
</datafield>  <datafield tag="546" ind1=" " ind2=" ">
<subfield code="a">por</subfield>
</datafield>   <datafield tag="540" ind1=" " ind2=" ">
<subfield code="a">Copyright (c) 2001 Acta Fisiátrica</subfield>
</datafield>
</record>
</metadata>
</record>