
<record>
<header>
<identifier>oai:revistas.usp.br:article/102273</identifier>
<datestamp>2020-07-31T23:01:01Z</datestamp>
<setSpec>actafisiatrica:Art.+Orig.</setSpec>
<setSpec>driver</setSpec>
</header>
<metadata>
<record xmlns="http://www.loc.gov/MARC21/slim" xmlns:xsi="http://www.w3.org/2001/XMLSchema-instance" xsi:schemaLocation="http://www.loc.gov/MARC21/slim http://www.loc.gov/standards/marcxml/schema/MARC21slim.xsd">
<leader>     nmb a2200000Iu 4500</leader>
<controlfield tag="008">"010409 2001                        eng  "</controlfield>
<datafield tag="022" ind1="#" ind2="#">
<subfield code="$a">2317-0190</subfield>
</datafield>
<datafield tag="022" ind1="#" ind2="#">
<subfield code="$a">0104-7795</subfield>
</datafield>
<datafield tag="042" ind1=" " ind2=" ">
<subfield code="a">dc</subfield>
</datafield>
<datafield tag="245" ind1="0" ind2="0">
<subfield code="a">Hemartroses recidivantes do tornozelo em hemofílicos – Diagnóstico funcional pela podobarometria dinâmica computadorizada e uso profilático de órteses para os pés: relato de um caso</subfield>
</datafield>  <datafield tag="720" ind1="1" ind2=" ">
<subfield code="a">Battistella, Linamara Rizzo</subfield>
<subfield code="u">Universidade de São Paulo. Faculdade de Medicina</subfield><subfield code="0">https://orcid.org/0000-0001-5275-0733</subfield></datafield>
<datafield tag="720" ind1="1" ind2=" ">
<subfield code="a">Lourenço, Claudete</subfield>
<subfield code="u">Universidade de São Paulo. Faculdade de Medicina</subfield></datafield>
<datafield tag="720" ind1="1" ind2=" ">
<subfield code="a">Jorge Filho, Donaldo</subfield>
<subfield code="u">Universidade de São Paulo. Faculdade de Medicina</subfield></datafield>
<datafield tag="520" ind1=" " ind2=" ">
<subfield code="a"> Devido ao grande número depacientes hemofílicos, com hemartroses de repetição no tornozelo, que se apresentavam freqüentemente para tratamento no Ambulatório de Reabilitação de Hemofílicos da (DMR) – Divisão de Medicina de Reabilitação do (HCFMUSP) Hospital das Clínicas da Faculdade de Medicina da Universidade de São Paulo, os autores decidiram avaliá-los mediante um protocolo em que, além do exame físico de rotina e de algumas medidas radiológicas, se procedesse à podoscopia estática e à podobarometria dinâmica computadorizada. Os resultados obtidos serviram de base para a elaboração de palmilhas ortopédicas e/ou para a prescrição de órteses para a estabilização do tornozelo todas as vezes que uma instabilidade médio-lateral do tornozelo e/ou uma discrepância no comprimento dos membros inferiores eram observadas. O uso continuado dessas órteses vem impedindo, nos últimos seis meses, a ocorrência de novos episódios de hemartrose no tornozelo dos pacientes avaliados. Essa constatação levou os autores a acreditar que os desvios articulares nas atividades repetitivas, como a marcha, é que predispõem à ocorrência das hemartroses. Desse modo, a estabilização das articulações, pelo uso das órteses para os pés, seria a melhor maneira de evitar as hemartroses de repetição nos tornozelos. Os bons resultados obtidos até agora, nos pacientes avaliados e reavaliados após seis meses, animaram os autores a desenvolver duas diferentes linhas de pesquisa: para hemofílicos com tornozelos instáveis e para hemofílicos com joelhos instáveis. </subfield>
</datafield>
<datafield tag="260" ind1=" " ind2=" ">
<subfield code="b">Faculdade de Medicina, Universidade de São Paulo</subfield>
</datafield>
<dataField tag="260" ind1=" " ind2=" ">
<subfield code="c">2001-04-09 00:00:00</subfield>
</dataField>   <datafield tag="856" ind1=" " ind2=" ">
<subfield code="q">application/pdf</subfield>
</datafield>
<datafield tag="856" ind1="4" ind2="0">
<subfield code="u">https://www.revistas.usp.br/actafisiatrica/article/view/102273</subfield>
</datafield>  <datafield tag="786" ind1="0" ind2=" ">
<subfield code="n">Acta Fisiátrica; v. 8 n. 1 (2001)</subfield>
</datafield>  <datafield tag="546" ind1=" " ind2=" ">
<subfield code="a">por</subfield>
</datafield>   <datafield tag="540" ind1=" " ind2=" ">
<subfield code="a">Copyright (c) 2001 Acta Fisiátrica</subfield>
</datafield>
</record>
</metadata>
</record>