
<record>
<header>
<identifier>oai:revistas.usp.br:article/102274</identifier>
<datestamp>2020-07-31T23:01:07Z</datestamp>
<setSpec>actafisiatrica:Art.+Orig.</setSpec>
<setSpec>driver</setSpec>
</header>
<metadata>
<record xmlns="http://www.loc.gov/MARC21/slim" xmlns:xsi="http://www.w3.org/2001/XMLSchema-instance" xsi:schemaLocation="http://www.loc.gov/MARC21/slim http://www.loc.gov/standards/marcxml/schema/MARC21slim.xsd">
<leader>     nmb a2200000Iu 4500</leader>
<controlfield tag="008">"010409 2001                        eng  "</controlfield>
<datafield tag="022" ind1="#" ind2="#">
<subfield code="$a">2317-0190</subfield>
</datafield>
<datafield tag="022" ind1="#" ind2="#">
<subfield code="$a">0104-7795</subfield>
</datafield>
<datafield tag="042" ind1=" " ind2=" ">
<subfield code="a">dc</subfield>
</datafield>
<datafield tag="245" ind1="0" ind2="0">
<subfield code="a">Reprodutibilidade da versão brasileira da Medida de Independência Funcional</subfield>
</datafield>  <datafield tag="720" ind1="1" ind2=" ">
<subfield code="a">Riberto, Marcelo</subfield>
<subfield code="u">Universidade de São Paulo. Faculdade de Medicina</subfield><subfield code="0">https://orcid.org/0000-0001-9549-8830</subfield></datafield>
<datafield tag="720" ind1="1" ind2=" ">
<subfield code="a">Miyazaki, Margarida Harumi</subfield>
<subfield code="u">Universidade de São Paulo. Faculdade de Medicina</subfield></datafield>
<datafield tag="720" ind1="1" ind2=" ">
<subfield code="a">Jorge Filho, Donaldo</subfield>
<subfield code="u">Universidade de São Paulo. Faculdade de Medicina</subfield></datafield>
<datafield tag="720" ind1="1" ind2=" ">
<subfield code="a">Sakamoto, Hatsue</subfield>
<subfield code="u">Universidade de São Paulo. Faculdade de Medicina</subfield></datafield>
<datafield tag="720" ind1="1" ind2=" ">
<subfield code="a">Battistella, Linamara Rizzo</subfield>
<subfield code="u">Universidade de São Paulo. Faculdade de Medicina</subfield><subfield code="0">https://orcid.org/0000-0001-5275-0733</subfield></datafield>
<datafield tag="520" ind1=" " ind2=" ">
<subfield code="a"> A versão brasileira da Medida de Independência Funcional (MIF) foi desenvolvida por meio de um processo de tradução para o português do Brasil por equipe médica bilíngüe familiarizada com o instrumento e tradutor profissional, seguido de tradução reversa para o inglês por tradutor independente. Não foram identificados problemas de equivalência cultural quando a versão obtida foi apresentada a um conjunto de 25 profissionais de saúde treinados no seu uso. Oito centros de reabilitação participaram da captação de dados para a obtenção de medidas de reprodutibilidade. Todos os pacientes adultos com história de pelo menos 4 meses de acidente vascular cerebral, consultados no período entre dezembro de 1999 e janeiro de 2000, foram avaliados por dois avaliadores treinados na aplicação da MIF, de forma independente, e reavaliados por apenas um desses examinadores após uma semana (teste/reteste). Uma amostra de 164 pacientes foi examinada e os valores de kappa para concordância em cada um dos itens da MIF variaram entre dois observadores de 0,50 (alimentação) a 0,64 (controle da urina) e no teste/reteste entre 0,61 (vestir abaixo da cintura) a 0,77 (transferência para o vaso sanitário). As subescalas da MIF apresentaram no teste/reteste boa correlação (Pearson: 0,91–0,98; ICC: 0,91–0,98); a reprodutibilidade interobservadores também foi boa (Pearson: 0,87–0,98; ICC: 0,87–0,98). Análise de variância mostra boa concordância entre as médias dos resultados de dois avaliadores na primeira avaliação e na medida após uma semana. Concluímos que a versão brasileira da MIF tem boa equivalência cultural e boa reprodutibilidade.     </subfield>
</datafield>
<datafield tag="260" ind1=" " ind2=" ">
<subfield code="b">Faculdade de Medicina, Universidade de São Paulo</subfield>
</datafield>
<dataField tag="260" ind1=" " ind2=" ">
<subfield code="c">2001-04-09 00:00:00</subfield>
</dataField>   <datafield tag="856" ind1=" " ind2=" ">
<subfield code="q">application/pdf</subfield>
</datafield>
<datafield tag="856" ind1="4" ind2="0">
<subfield code="u">https://www.revistas.usp.br/actafisiatrica/article/view/102274</subfield>
</datafield>  <datafield tag="786" ind1="0" ind2=" ">
<subfield code="n">Acta Fisiátrica; v. 8 n. 1 (2001)</subfield>
</datafield>  <datafield tag="546" ind1=" " ind2=" ">
<subfield code="a">por</subfield>
</datafield>   <datafield tag="540" ind1=" " ind2=" ">
<subfield code="a">Copyright (c) 2001 Acta Fisiátrica</subfield>
</datafield>
</record>
</metadata>
</record>