
<record>
<header>
<identifier>oai:revistas.usp.br:article/102345</identifier>
<datestamp>2020-07-31T23:03:04Z</datestamp>
<setSpec>actafisiatrica:Art.+Orig.</setSpec>
<setSpec>driver</setSpec>
</header>
<metadata>
<record xmlns="http://www.loc.gov/MARC21/slim" xmlns:xsi="http://www.w3.org/2001/XMLSchema-instance" xsi:schemaLocation="http://www.loc.gov/MARC21/slim http://www.loc.gov/standards/marcxml/schema/MARC21slim.xsd">
<leader>     nmb a2200000Iu 4500</leader>
<controlfield tag="008">"010809 2001                        eng  "</controlfield>
<datafield tag="022" ind1="#" ind2="#">
<subfield code="$a">2317-0190</subfield>
</datafield>
<datafield tag="022" ind1="#" ind2="#">
<subfield code="$a">0104-7795</subfield>
</datafield>
<datafield tag="042" ind1=" " ind2=" ">
<subfield code="a">dc</subfield>
</datafield>
<datafield tag="245" ind1="0" ind2="0">
<subfield code="a">Dispositivo para emulação de mouse dedicado a pacientes tetraplégicos ou portadores de doença degenerativa do sistema neuromuscular</subfield>
</datafield>  <datafield tag="720" ind1="1" ind2=" ">
<subfield code="a">Müller, André Frotta</subfield>
<subfield code="u">Hospital das Clínicas de Porto Alegre</subfield></datafield>
<datafield tag="720" ind1="1" ind2=" ">
<subfield code="a">Zaro, Milton Antônio</subfield>
<subfield code="u">Universidade Federal do Rio Grande do Sul</subfield></datafield>
<datafield tag="720" ind1="1" ind2=" ">
<subfield code="a">Silva Junior, Danton Pereira da</subfield>
<subfield code="u">Hospital das Clínicas de Porto Alegre</subfield></datafield>
<datafield tag="720" ind1="1" ind2=" ">
<subfield code="a">Sanches, Paulo Roberto Stefani</subfield>
<subfield code="u">Hospital das Clínicas de Porto Alegre</subfield></datafield>
<datafield tag="720" ind1="1" ind2=" ">
<subfield code="a">Ferlin, Elton Luiz</subfield>
<subfield code="u">Hospital das Clínicas de Porto Alegre</subfield></datafield>
<datafield tag="720" ind1="1" ind2=" ">
<subfield code="a">Thomé, Paulo Ricardo Oppermann</subfield>
<subfield code="u">Hospital das Clínicas de Porto Alegre</subfield></datafield>
<datafield tag="720" ind1="1" ind2=" ">
<subfield code="a">Santos, Antônio Cardoso dos</subfield>
<subfield code="u">Universidade Federal do Rio Grande do Sul</subfield></datafield>
<datafield tag="720" ind1="1" ind2=" ">
<subfield code="a">Tarrago, Maria da Graça</subfield>
<subfield code="u">Universidade Federal do Rio Grande do Sul</subfield></datafield>
<datafield tag="520" ind1=" " ind2=" ">
<subfield code="a"> O trabalho descreve o desenvolvimento de um dispositivo que emula um mouse serial MicrosoftÒ. Este dispositivo permite ao deficiente físico tetraplégico acessar os recursos de informática em ambiente WindowsÒ 95/98 (ler e editar textos, navegar na Internet e utilizar o correio eletrônico) e auxilia o paciente de doenças degenerativas do sistema neuromuscular, como a esclerose lateral amiotrófica (ELA), com disartria, a comunicar-se com as pessoas ao seu redor. O movimento do cursor na tela do computador é produzido a partir do movimento de flexão e extensão da cabeça do usuário, sendo utilizado para medir os ângulos de inclinação um sensor de aceleração estática e dinâmica de dois eixos. Para emular o botão do mouse, são captados os sinais EMG (eletromiográficos) produzidos a partir do movimento voluntário dos músculos mímicos da região frontal do usuário. O processamento digital é realizado por um microcontrolador de oito bits e os dados são transmitidos para um computador padrão IBM-PC através da interface RS232C. </subfield>
</datafield>
<datafield tag="260" ind1=" " ind2=" ">
<subfield code="b">Faculdade de Medicina, Universidade de São Paulo</subfield>
</datafield>
<dataField tag="260" ind1=" " ind2=" ">
<subfield code="c">2001-08-09 00:00:00</subfield>
</dataField>   <datafield tag="856" ind1=" " ind2=" ">
<subfield code="q">application/pdf</subfield>
</datafield>
<datafield tag="856" ind1="4" ind2="0">
<subfield code="u">https://www.revistas.usp.br/actafisiatrica/article/view/102345</subfield>
</datafield>  <datafield tag="786" ind1="0" ind2=" ">
<subfield code="n">Acta Fisiátrica; v. 8 n. 2 (2001)</subfield>
</datafield>  <datafield tag="546" ind1=" " ind2=" ">
<subfield code="a">por</subfield>
</datafield>   <datafield tag="540" ind1=" " ind2=" ">
<subfield code="a">Copyright (c) 2001 Acta Fisiátrica</subfield>
</datafield>
</record>
</metadata>
</record>