
<record>
<header>
<identifier>oai:revistas.usp.br:article/102347</identifier>
<datestamp>2020-07-31T23:03:29Z</datestamp>
<setSpec>actafisiatrica:Art.+Orig.</setSpec>
<setSpec>driver</setSpec>
</header>
<metadata>
<record xmlns="http://www.loc.gov/MARC21/slim" xmlns:xsi="http://www.w3.org/2001/XMLSchema-instance" xsi:schemaLocation="http://www.loc.gov/MARC21/slim http://www.loc.gov/standards/marcxml/schema/MARC21slim.xsd">
<leader>     nmb a2200000Iu 4500</leader>
<controlfield tag="008">"010809 2001                        eng  "</controlfield>
<datafield tag="022" ind1="#" ind2="#">
<subfield code="$a">2317-0190</subfield>
</datafield>
<datafield tag="022" ind1="#" ind2="#">
<subfield code="$a">0104-7795</subfield>
</datafield>
<datafield tag="042" ind1=" " ind2=" ">
<subfield code="a">dc</subfield>
</datafield>
<datafield tag="245" ind1="0" ind2="0">
<subfield code="a">Avaliação de parâmetros clínicos de pacientes com fibromialgia após 5 anos de evolução</subfield>
</datafield>  <datafield tag="720" ind1="1" ind2=" ">
<subfield code="a">Martinez, José Eduardo</subfield>
<subfield code="u">Pontifícia Universidade Católica de São Paulo. Faculdade de Ciências Médicas de Sorocaba</subfield></datafield>
<datafield tag="720" ind1="1" ind2=" ">
<subfield code="a">Xavier, Fellipe Mendes de Oliveira</subfield>
<subfield code="u">Pontifícia Universidade Católica de São Paulo. Faculdade de Ciências Médicas de Sorocaba</subfield></datafield>
<datafield tag="720" ind1="1" ind2=" ">
<subfield code="a">André, Mariana Zacharias</subfield>
<subfield code="u">Pontifícia Universidade Católica de São Paulo. Faculdade de Ciências Médicas de Sorocaba</subfield></datafield>
<datafield tag="720" ind1="1" ind2=" ">
<subfield code="a">Ramalho, Marcelo Viceconte</subfield>
<subfield code="u">Pontifícia Universidade Católica de São Paulo. Faculdade de Ciências Médicas de Sorocaba</subfield></datafield>
<datafield tag="520" ind1=" " ind2=" ">
<subfield code="a"> Fibromialgia é uma síndrome clínica de causa desconhecida caracterizada por dor difusa e presença de pontos dolorosos musculares à dígito-pressão. Em 1995, foi publicado, por nosso grupo de pesquisa, um estudo clínico mostrando que a fibromialgia causa impacto negativo na qualidade de vida dos pacientes. Em alguns aspectos, esse impacto é semelhante em intensidade àquele causado pela artrite reumatóide. O objetivo deste estudo é avaliar os mesmos parâmetros utilizados, após 5 anos de evolução. Métodos: Realizou-se entrevista telefônica que incluía questões sobre a evolução da sintomatologia, escalas analógicas numéricas para dor, fadiga, depressão e ansiedade (0 – 10) e a escala de incapacidade física Health Assessment Questionnaire (HAQ). As pontuações atuais foram comparadas com as do estudo de 1995 por meio do teste de Wilcoxon. Pacientes: Estudaram-se 18 mulheres que participaram do estudo de 1995. Todas as pacientes preenchiam os critérios para Classificação de Fibromialgia do American College of Rheumatology (Colégio Americano de Reumatologia) na época do estudo de 1995. Resultados: Dez pacientes referiram estar melhor; 3, pior; e 5 permaneceram inalteradas. Doze pacientes se mantêm em algum tipo de tratamento e 6 estão sem qualquer tipo de tratamento. As pontuações das escalas aplicadas em 1995 e agora são, respectivamente: Escala Numérica de Dor: 5,72 – 5,77; Escala Numérica Fadiga: 4,66 – 5,70; Escala Numérica de Depressão: 5,50 – 5,22; Escala Numérica de Ansiedade: 6,61 – 3,72; e HAQ: 0,75 – 1,08. A análise estatística mostrou diferença estatisticamente significativa apenas na escala de ansiedade. Conclusão: Conclui-se que a fibromialgia tem uma evolução estável nos parâmetros clínicos e de capacidade física estudados neste trabalho. As pontuações de ansiedade melhoraram provavelmente por causa do melhor conhecimento da fibromialgia pelas pacientes. </subfield>
</datafield>
<datafield tag="260" ind1=" " ind2=" ">
<subfield code="b">Faculdade de Medicina, Universidade de São Paulo</subfield>
</datafield>
<dataField tag="260" ind1=" " ind2=" ">
<subfield code="c">2001-08-09 00:00:00</subfield>
</dataField>   <datafield tag="856" ind1=" " ind2=" ">
<subfield code="q">application/pdf</subfield>
</datafield>
<datafield tag="856" ind1="4" ind2="0">
<subfield code="u">https://www.revistas.usp.br/actafisiatrica/article/view/102347</subfield>
</datafield>  <datafield tag="786" ind1="0" ind2=" ">
<subfield code="n">Acta Fisiátrica; v. 8 n. 2 (2001)</subfield>
</datafield>  <datafield tag="546" ind1=" " ind2=" ">
<subfield code="a">por</subfield>
</datafield>   <datafield tag="540" ind1=" " ind2=" ">
<subfield code="a">Copyright (c) 2001 Acta Fisiátrica</subfield>
</datafield>
</record>
</metadata>
</record>