
<record>
<header>
<identifier>oai:revistas.usp.br:article/102348</identifier>
<datestamp>2020-07-31T23:03:14Z</datestamp>
<setSpec>actafisiatrica:Art.+Rev.</setSpec>
<setSpec>driver</setSpec>
</header>
<metadata>
<record xmlns="http://www.loc.gov/MARC21/slim" xmlns:xsi="http://www.w3.org/2001/XMLSchema-instance" xsi:schemaLocation="http://www.loc.gov/MARC21/slim http://www.loc.gov/standards/marcxml/schema/MARC21slim.xsd">
<leader>     nmb a2200000Iu 4500</leader>
<controlfield tag="008">"010809 2001                        eng  "</controlfield>
<datafield tag="022" ind1="#" ind2="#">
<subfield code="$a">2317-0190</subfield>
</datafield>
<datafield tag="022" ind1="#" ind2="#">
<subfield code="$a">0104-7795</subfield>
</datafield>
<datafield tag="042" ind1=" " ind2=" ">
<subfield code="a">dc</subfield>
</datafield>
<datafield tag="245" ind1="0" ind2="0">
<subfield code="a">Dores na coluna em profissionais de enfermagem</subfield>
</datafield>  <datafield tag="720" ind1="1" ind2=" ">
<subfield code="a">Pinho, Lucinéa de</subfield>
<subfield code="u">Universidade Federal de Minas Gerais</subfield></datafield>
<datafield tag="720" ind1="1" ind2=" ">
<subfield code="a">Araújo, Maralu Gonzaga de Freitas</subfield>
<subfield code="u">Universidade Federal de Minas Gerais</subfield></datafield>
<datafield tag="720" ind1="1" ind2=" ">
<subfield code="a">Goes, Soraya Rocha</subfield>
<subfield code="u">Universidade Federal de Minas Gerais</subfield></datafield>
<datafield tag="720" ind1="1" ind2=" ">
<subfield code="a">Sampaio, Rosana Ferreira</subfield>
<subfield code="u">Universidade Federal de Minas Gerais</subfield></datafield>
<datafield tag="520" ind1=" " ind2=" ">
<subfield code="a"> O objetivo desta revisão bibliográfica foi conhecer a organização e o processo de trabalho do pessoal de enfermagem, identificando os principais fatores de risco associados às dores na coluna desses profissionais, além de analisar as propostas de prevenção descritas pelos autores estudados. Para tanto, foram pesquisadas principalmente publicações de autores brasileiros, considerando a realidade da enfermagem em nosso País. A caracterização desses profissionais mostrou que a maioria é do sexo feminino, de nível socioeconômico baixo e que trabalha em dupla jornada. Os fatores de risco associados às dores na coluna mais destacados foram divididos em ergonômicos e traumáticos, e os traumáticos se subdividiram em individuais e profissionais. Com relação às medidas preventivas, constatou-se que a maioria dos autores prioriza a promoção de cursos de orientações posturais e ergonômicas, além de orientações referentes às atividades físicas. Por último, é importante ressaltar que a organização e o processo de trabalho desses profissionais, assim como os fatores de risco associados à ocorrência de dores na coluna, foram mais exaustivamente estudados. Quanto às medidas preventivas, seria importante direcioná-las para as diferentes categorias profissionais e setores de trabalho. Considerando o número de casos de dores na coluna entre os profissionais de enfermagem, é importante que outros estudos se aprofundem na prevenção do problema, objetivando, assim, uma melhor qualidade de vida e de trabalho desses profissionais. </subfield>
</datafield>
<datafield tag="260" ind1=" " ind2=" ">
<subfield code="b">Faculdade de Medicina, Universidade de São Paulo</subfield>
</datafield>
<dataField tag="260" ind1=" " ind2=" ">
<subfield code="c">2001-08-09 00:00:00</subfield>
</dataField>   <datafield tag="856" ind1=" " ind2=" ">
<subfield code="q">application/pdf</subfield>
</datafield>
<datafield tag="856" ind1="4" ind2="0">
<subfield code="u">https://www.revistas.usp.br/actafisiatrica/article/view/102348</subfield>
</datafield>  <datafield tag="786" ind1="0" ind2=" ">
<subfield code="n">Acta Fisiátrica; v. 8 n. 2 (2001)</subfield>
</datafield>  <datafield tag="546" ind1=" " ind2=" ">
<subfield code="a">por</subfield>
</datafield>   <datafield tag="540" ind1=" " ind2=" ">
<subfield code="a">Copyright (c) 2001 Acta Fisiátrica</subfield>
</datafield>
</record>
</metadata>
</record>