
<record>
<header>
<identifier>oai:revistas.usp.br:article/102350</identifier>
<datestamp>2020-07-31T23:06:21Z</datestamp>
<setSpec>actafisiatrica:Art.+Orig.</setSpec>
<setSpec>driver</setSpec>
</header>
<metadata>
<record xmlns="http://www.loc.gov/MARC21/slim" xmlns:xsi="http://www.w3.org/2001/XMLSchema-instance" xsi:schemaLocation="http://www.loc.gov/MARC21/slim http://www.loc.gov/standards/marcxml/schema/MARC21slim.xsd">
<leader>     nmb a2200000Iu 4500</leader>
<controlfield tag="008">"011209 2001                        eng  "</controlfield>
<datafield tag="022" ind1="#" ind2="#">
<subfield code="$a">2317-0190</subfield>
</datafield>
<datafield tag="022" ind1="#" ind2="#">
<subfield code="$a">0104-7795</subfield>
</datafield>
<datafield tag="042" ind1=" " ind2=" ">
<subfield code="a">dc</subfield>
</datafield>
<datafield tag="245" ind1="0" ind2="0">
<subfield code="a">A avaliação do uso da toxina botulínica A e da cinesioterapia na melhora da marcha do portador de paralisia cerebral do tipo hemiparético</subfield>
</datafield>  <datafield tag="720" ind1="1" ind2=" ">
<subfield code="a">Faria, Tereza Cristina Carbonari de</subfield>
<subfield code="u">Universidade de Mogi das Cruzes</subfield></datafield>
<datafield tag="720" ind1="1" ind2=" ">
<subfield code="a">Masiero, Danilo</subfield>
<subfield code="u">Universidade Federal de São Paulo</subfield></datafield>
<datafield tag="720" ind1="1" ind2=" ">
<subfield code="a">Spósito, Maria Matilde de Melo</subfield>
<subfield code="u">Universidade Federal de São Paulo</subfield></datafield>
<datafield tag="720" ind1="1" ind2=" ">
<subfield code="a">Saad, Marcelo</subfield>
<subfield code="u">Universidade Federal de São Paulo</subfield></datafield>
<datafield tag="520" ind1=" " ind2=" ">
<subfield code="a"> Foram estudados 14 pacientes com paralisia cerebral do tipo hemiparético, eqüinismo dinâmico e idade entre 3 e 9 anos, com média de 5,93 anos. Os pacientes foram distribuídos em dois grupos: Grupo I – 7 crianças que foram tratadas com toxina botulínica tipo A (TBA) nos músculos gastrocnêmios e solear e tratamento cinesioterápico; Grupo II – 7 crianças que receberam apenas tratamento cinesioterápico. Avaliaram-se: a amplitude de movimento do tornozelo, o tônus muscular, a ação do músculo tibial anterior, a velocidade, a cadência da marcha, além da análise observacional da marcha e grau de satisfação dos pais. A análise estatística dos resultados mostrou, com significância, que no Grupo I houve melhora de todas as medidas avaliadas num intervalo mais curto de tempo. No Grupo II não houve melhora de todas as medidas avaliadas e o ganho em algumas medidas ocorreu num tempo mais longo. </subfield>
</datafield>
<datafield tag="260" ind1=" " ind2=" ">
<subfield code="b">Faculdade de Medicina, Universidade de São Paulo</subfield>
</datafield>
<dataField tag="260" ind1=" " ind2=" ">
<subfield code="c">2001-12-09 00:00:00</subfield>
</dataField>   <datafield tag="856" ind1=" " ind2=" ">
<subfield code="q">application/pdf</subfield>
</datafield>
<datafield tag="856" ind1="4" ind2="0">
<subfield code="u">https://www.revistas.usp.br/actafisiatrica/article/view/102350</subfield>
</datafield>  <datafield tag="786" ind1="0" ind2=" ">
<subfield code="n">Acta Fisiátrica; v. 8 n. 3 (2001)</subfield>
</datafield>  <datafield tag="546" ind1=" " ind2=" ">
<subfield code="a">por</subfield>
</datafield>   <datafield tag="540" ind1=" " ind2=" ">
<subfield code="a">Copyright (c) 2001 Acta Fisiátrica</subfield>
</datafield>
</record>
</metadata>
</record>