
<record>
<header>
<identifier>oai:revistas.usp.br:article/102355</identifier>
<datestamp>2020-07-31T23:06:24Z</datestamp>
<setSpec>actafisiatrica:Art.+Orig.</setSpec>
<setSpec>driver</setSpec>
</header>
<metadata>
<record xmlns="http://www.loc.gov/MARC21/slim" xmlns:xsi="http://www.w3.org/2001/XMLSchema-instance" xsi:schemaLocation="http://www.loc.gov/MARC21/slim http://www.loc.gov/standards/marcxml/schema/MARC21slim.xsd">
<leader>     nmb a2200000Iu 4500</leader>
<controlfield tag="008">"011209 2001                        eng  "</controlfield>
<datafield tag="022" ind1="#" ind2="#">
<subfield code="$a">2317-0190</subfield>
</datafield>
<datafield tag="022" ind1="#" ind2="#">
<subfield code="$a">0104-7795</subfield>
</datafield>
<datafield tag="042" ind1=" " ind2=" ">
<subfield code="a">dc</subfield>
</datafield>
<datafield tag="245" ind1="0" ind2="0">
<subfield code="a">Espiritualidade baseada em evidências</subfield>
</datafield>  <datafield tag="720" ind1="1" ind2=" ">
<subfield code="a">Saad, Marcelo</subfield>
<subfield code="u">Universidade Federal de São Paulo</subfield><subfield code="0">https://orcid.org/0000-0001-5624-7609</subfield></datafield>
<datafield tag="720" ind1="1" ind2=" ">
<subfield code="a">Masiero, Danilo</subfield>
<subfield code="u">Universidade Federal de São Paulo</subfield></datafield>
<datafield tag="720" ind1="1" ind2=" ">
<subfield code="a">Battistella, Linamara Rizzo</subfield>
<subfield code="u">Universidade de São Paulo. Faculdade de Medicina</subfield><subfield code="0">https://orcid.org/0000-0001-5275-0733</subfield></datafield>
<datafield tag="520" ind1=" " ind2=" ">
<subfield code="a"> Espiritualidade pode ser definida como um sistema de crenças que enfoca elementos intangíveis, que transmite vitalidade e significado a eventos da vida. Tal crença pode mobilizar energias e iniciativas extremamente positivas, com potencial ilimitado para melhorar a qualidade de vida da pessoa. As implicações da espiritualidade na saúde vêm sendo estudadas cientificamente e documentadas em centenas de artigos. Há relação entre envolvimento espiritualista e vários aspectos da saúde mental, sendo que pessoas vivenciam melhor saúde mental e se adaptam com mais sucesso ao estresse se são religiosas. Pessoas religiosas são fisicamente mais saudáveis, têm estilos de vida mais salutares e requerem menos assistência de saúde. Existe uma associação entre espiritualidade e saúde que provavelmente é válida, e possivelmente causal. É plenamente reconhecido que a saúde de indivíduos é determinada pela interação de fatores físicos, mentais, sociais e espirituais. Os profissionais da saúde já contam com indicações científicas do benefício da exploração da espiritualidade na programação terapêutica de virtualmente qualquer doença. O presente artigo cita os trabalhos mais relevantes sobre o assunto. </subfield>
</datafield>
<datafield tag="260" ind1=" " ind2=" ">
<subfield code="b">Faculdade de Medicina, Universidade de São Paulo</subfield>
</datafield>
<dataField tag="260" ind1=" " ind2=" ">
<subfield code="c">2001-12-09 00:00:00</subfield>
</dataField>   <datafield tag="856" ind1=" " ind2=" ">
<subfield code="q">application/pdf</subfield>
</datafield>
<datafield tag="856" ind1="4" ind2="0">
<subfield code="u">https://www.revistas.usp.br/actafisiatrica/article/view/102355</subfield>
</datafield>  <datafield tag="786" ind1="0" ind2=" ">
<subfield code="n">Acta Fisiátrica; v. 8 n. 3 (2001)</subfield>
</datafield>  <datafield tag="546" ind1=" " ind2=" ">
<subfield code="a">por</subfield>
</datafield>   <datafield tag="540" ind1=" " ind2=" ">
<subfield code="a">Copyright (c) 2001 Acta Fisiátrica</subfield>
</datafield>
</record>
</metadata>
</record>