
<record>
<header>
<identifier>oai:revistas.usp.br:article/102359</identifier>
<datestamp>2020-07-31T23:06:28Z</datestamp>
<setSpec>actafisiatrica:Art.+Orig.</setSpec>
<setSpec>driver</setSpec>
</header>
<metadata>
<record xmlns="http://www.loc.gov/MARC21/slim" xmlns:xsi="http://www.w3.org/2001/XMLSchema-instance" xsi:schemaLocation="http://www.loc.gov/MARC21/slim http://www.loc.gov/standards/marcxml/schema/MARC21slim.xsd">
<leader>     nmb a2200000Iu 4500</leader>
<controlfield tag="008">"011209 2001                        eng  "</controlfield>
<datafield tag="022" ind1="#" ind2="#">
<subfield code="$a">2317-0190</subfield>
</datafield>
<datafield tag="022" ind1="#" ind2="#">
<subfield code="$a">0104-7795</subfield>
</datafield>
<datafield tag="042" ind1=" " ind2=" ">
<subfield code="a">dc</subfield>
</datafield>
<datafield tag="245" ind1="0" ind2="0">
<subfield code="a">Geometria do fêmur proximal em ossos de brasileiros</subfield>
</datafield>  <datafield tag="720" ind1="1" ind2=" ">
<subfield code="a">Mourão, Ana Lúcia Mourão</subfield>
<subfield code="u">Hospital Universitário Pedro Ernesto</subfield></datafield>
<datafield tag="720" ind1="1" ind2=" ">
<subfield code="a">Vasconcellos, Henrique Ayres de</subfield>
<subfield code="u">Universidade Estadual do Rio de Janeiro</subfield></datafield>
<datafield tag="520" ind1=" " ind2=" ">
<subfield code="a"> Objetivo: Fornecer dados sobre a morfometria do fêmur proximal adulto para que se estabeleçam parâmetros e correlações entre as diversas medidas dessa porção do osso de brasileiros. Material e Método: Realizamos a avaliação da geometria da extremidade proximal de 183 fêmures secos de adultos brasileiros, de ambos os sexos, sem idade cronológica determinada. A morfometria constou da obtenção das medidas: comprimento do colo do fêmur (CCF); largura do colo do fêmur (LCF); comprimento do eixo femoral (CEF); ângulo colodiafisário (ACD). Foi realizada também a densitometria óssea (DEXA) de 18 fêmures. A análise estatística constou do cálculo da média aritmética (X); desvio-padrão (SD) e mediana (Me), sendo testadas essas variáveis quanto ao lado através dos testes t de Student e Não- Paramétrico de Mann Whitney. Realizamos a correlação e a regressão linear simples entre as variáveis que apresentavam associação com o CEF. Resultado: Correlacionamos as medidas morfométricas com a densidade mineral óssea (DMO) e as densidades entre si. Encontramos os seguintes valores médios para os lados direito e esquerdo: CCF = 24,9 ± 4,5 mm e 24,3 ± 4,2 mm; LCF = 26,7 ± 3,1 mm e 26,3 ± 3,3 mm; CEF = 92,1 ± 6,9 mm e 92,0 ± 7,1 mm; ACD = 111,2° ± 5,9 e 114,2° ± 5,5. A correlação entre CEF x ACD não foi significante. As correlações entre morfometria e DMO foram menos significativas que as correlações das densidades entre si. Conclusão: Podemos acreditar que a associação entre o CEF e as outras medidas pode ter valor preditivo no risco de fratura. Considerando a importância desse fator, procedemos a este estudo para podermos fornecer dados da geometria femoral de ossos de brasileiros, bem como possibilitar aplicação desses dados na prática clínica. </subfield>
</datafield>
<datafield tag="260" ind1=" " ind2=" ">
<subfield code="b">Faculdade de Medicina, Universidade de São Paulo</subfield>
</datafield>
<dataField tag="260" ind1=" " ind2=" ">
<subfield code="c">2001-12-09 00:00:00</subfield>
</dataField>   <datafield tag="856" ind1=" " ind2=" ">
<subfield code="q">application/pdf</subfield>
</datafield>
<datafield tag="856" ind1="4" ind2="0">
<subfield code="u">https://www.revistas.usp.br/actafisiatrica/article/view/102359</subfield>
</datafield>  <datafield tag="786" ind1="0" ind2=" ">
<subfield code="n">Acta Fisiátrica; v. 8 n. 3 (2001)</subfield>
</datafield>  <datafield tag="546" ind1=" " ind2=" ">
<subfield code="a">por</subfield>
</datafield>   <datafield tag="540" ind1=" " ind2=" ">
<subfield code="a">Copyright (c) 2001 Acta Fisiátrica</subfield>
</datafield>
</record>
</metadata>
</record>