
<record>
<header>
<identifier>oai:revistas.usp.br:article/102363</identifier>
<datestamp>2020-07-31T23:06:31Z</datestamp>
<setSpec>actafisiatrica:Art.+Orig.</setSpec>
<setSpec>driver</setSpec>
</header>
<metadata>
<record xmlns="http://www.loc.gov/MARC21/slim" xmlns:xsi="http://www.w3.org/2001/XMLSchema-instance" xsi:schemaLocation="http://www.loc.gov/MARC21/slim http://www.loc.gov/standards/marcxml/schema/MARC21slim.xsd">
<leader>     nmb a2200000Iu 4500</leader>
<controlfield tag="008">"011209 2001                        eng  "</controlfield>
<datafield tag="022" ind1="#" ind2="#">
<subfield code="$a">2317-0190</subfield>
</datafield>
<datafield tag="022" ind1="#" ind2="#">
<subfield code="$a">0104-7795</subfield>
</datafield>
<datafield tag="042" ind1=" " ind2=" ">
<subfield code="a">dc</subfield>
</datafield>
<datafield tag="245" ind1="0" ind2="0">
<subfield code="a">Avaliação podobarométrica nas amputações do médio e antepé</subfield>
</datafield>  <datafield tag="720" ind1="1" ind2=" ">
<subfield code="a">Chamlian, Therezinha Rosane</subfield>
<subfield code="u">Universidade Federal de São Paulo</subfield></datafield>
<datafield tag="720" ind1="1" ind2=" ">
<subfield code="a">Nery, Caio</subfield>
<subfield code="u">Universidade Federal de São Paulo</subfield></datafield>
<datafield tag="720" ind1="1" ind2=" ">
<subfield code="a">Réssio, Cibele</subfield>
<subfield code="u">Universidade Federal de São Paulo</subfield></datafield>
<datafield tag="720" ind1="1" ind2=" ">
<subfield code="a">Masiero, Danilo</subfield>
<subfield code="u">Universidade Federal de São Paulo</subfield></datafield>
<datafield tag="520" ind1=" " ind2=" ">
<subfield code="a"> Os autores estudaram a marcha de 14 pacientes com amputações unilaterais parciais do pé, Chopart e transmetatarsiana, através do podobarômetro F-Scan®, para determinar a duração do passo, a distribuição do pico de pressão máxima, o impulso vertical, a velocidade e a trajetória do baricentro (COP), nas situações: sem calçado, com palmilha plana e com prótese de Chopart. A análise dos resultados demonstrou que o tempo total do passo do lado amputado, nos dois grupos, é menor do que o dos pés não-amputados, nas três situações. A utilização de palmilhas não produz alterações e o uso de próteses aumenta significantemente o tempo de duração do passo, em ambos os pés. Os picos de pressão máxima nos pés amputados são superiores aos dos pés não-amputados, nos dois grupos de pacientes, nas três situações estudadas. O uso de palmilhas e próteses reduz significantemente os níveis de pressão máxima, em ambos os pés, sendo a intensidade dessa redução proporcional à rigidez imposta pelo equipamento utilizado. A localização dos picos de pressão máxima pode ser modificada na dependência do tipo de órtese ou prótese utilizada, em ambos os pés. O impulso vertical do solo é menor no lado amputado nos dois grupos; no entanto, é constantemente maior na amputação do tipo Chopart que na transmetatarsiana. A velocidade de deslocamento do baricentro no retropé dos pacientes amputados, nos dois grupos, é menor do que a observada nos pés não-amputados, e não varia com a utilização das órteses e próteses estudadas.Os pés não-amputados dos pacientes dos dois grupos apresentam alterações funcionais importantes manifestadas por desvios das velocidades do baricentro no retro, médio e antepé. </subfield>
</datafield>
<datafield tag="260" ind1=" " ind2=" ">
<subfield code="b">Faculdade de Medicina, Universidade de São Paulo</subfield>
</datafield>
<dataField tag="260" ind1=" " ind2=" ">
<subfield code="c">2001-12-09 00:00:00</subfield>
</dataField>   <datafield tag="856" ind1=" " ind2=" ">
<subfield code="q">application/pdf</subfield>
</datafield>
<datafield tag="856" ind1="4" ind2="0">
<subfield code="u">https://www.revistas.usp.br/actafisiatrica/article/view/102363</subfield>
</datafield>  <datafield tag="786" ind1="0" ind2=" ">
<subfield code="n">Acta Fisiátrica; v. 8 n. 3 (2001)</subfield>
</datafield>  <datafield tag="546" ind1=" " ind2=" ">
<subfield code="a">por</subfield>
</datafield>   <datafield tag="540" ind1=" " ind2=" ">
<subfield code="a">Copyright (c) 2001 Acta Fisiátrica</subfield>
</datafield>
</record>
</metadata>
</record>