
<record>
<header>
<identifier>oai:revistas.usp.br:article/102364</identifier>
<datestamp>2020-07-31T23:21:41Z</datestamp>
<setSpec>actafisiatrica:Art.+Orig.</setSpec>
<setSpec>driver</setSpec>
</header>
<metadata>
<record xmlns="http://www.loc.gov/MARC21/slim" xmlns:xsi="http://www.w3.org/2001/XMLSchema-instance" xsi:schemaLocation="http://www.loc.gov/MARC21/slim http://www.loc.gov/standards/marcxml/schema/MARC21slim.xsd">
<leader>     nmb a2200000Iu 4500</leader>
<controlfield tag="008">"020809 2002                        eng  "</controlfield>
<datafield tag="022" ind1="#" ind2="#">
<subfield code="$a">2317-0190</subfield>
</datafield>
<datafield tag="022" ind1="#" ind2="#">
<subfield code="$a">0104-7795</subfield>
</datafield>
<datafield tag="042" ind1=" " ind2=" ">
<subfield code="a">dc</subfield>
</datafield>
<datafield tag="245" ind1="0" ind2="0">
<subfield code="a">Pêndulo: um teste simples de medida de espasticidade</subfield>
</datafield>  <datafield tag="720" ind1="1" ind2=" ">
<subfield code="a">Teixeira-Salmela, Luci Fuscaldi</subfield>
<subfield code="u">Universidade Federal de Minas Gerais</subfield><subfield code="0">https://orcid.org/0000-0001-8358-8636</subfield></datafield>
<datafield tag="720" ind1="1" ind2=" ">
<subfield code="a">Nadeau, Sylvie</subfield>
<subfield code="u">Queen’s University</subfield></datafield>
<datafield tag="720" ind1="1" ind2=" ">
<subfield code="a">Olney, Sandra Jean</subfield>
<subfield code="u">Queen’s University</subfield></datafield>
<datafield tag="720" ind1="1" ind2=" ">
<subfield code="a">Brouwer, Brenda</subfield>
<subfield code="u">Queen’s University</subfield></datafield>
<datafield tag="520" ind1=" " ind2=" ">
<subfield code="a"> Objetivo deste estudo foi investigar a confiabilidade do teste de pêndulo para avaliar o tônus muscular e comparar os dados obtidos entre um grupo de idosos saudáveis e um grupo de pacientes hemiplégicos crônicos da mesma faixa etária. Vinte idosos e 20 hemiplégicos crônicos foram recrutados na comunidade, de forma voluntária. O tônus muscular foi investigado utilizando o índice de relaxamento corrigido (IRC) obtido pelo teste de pêndulo. Para avaliar a confiabilidade do IRC, os dados foram obtidos em dois dias diferentes para ambos os grupos. Testes-t foram empregados para avaliar diferenças entre os grupos e entre os lados afetado e não afetado do grupo hemiplégico. A média do IRC para o lado afetado foi 0,65 (± 0,20) no primeiro dia e 0,66 (± 0,11) no segundo dia. Para o lado não afetado, as médias foram 1,03 (± 0,09) e 1,02 (± 0,11) para os primeiro e segundo dias, respectivamente. Coeficientes de correlação significativos foram observados entre as duas medidas obtidas (r = 0,93 e r = 0,70) para os lados afetado e não afetado, respectivamente. Os resultados do teste-t demonstraram diferenças significativas entre os valores do IRC obtidos no lado afetado comparados com os valores do lado não afetado e os valores de referência. Entretanto, não foram observadas diferenças significativas entre os valores do IRC obtidos no lado não afetado e os valores de referência. Pode-se concluir que o teste de pêndulo apresenta o potencial de ser incluído como um método eficaz de medida de tônus muscular em reabilitação. </subfield>
</datafield>
<datafield tag="260" ind1=" " ind2=" ">
<subfield code="b">Faculdade de Medicina, Universidade de São Paulo</subfield>
</datafield>
<dataField tag="260" ind1=" " ind2=" ">
<subfield code="c">2002-08-09 00:00:00</subfield>
</dataField>   <datafield tag="856" ind1=" " ind2=" ">
<subfield code="q">application/pdf</subfield>
</datafield>
<datafield tag="856" ind1="4" ind2="0">
<subfield code="u">https://www.revistas.usp.br/actafisiatrica/article/view/102364</subfield>
</datafield>  <datafield tag="786" ind1="0" ind2=" ">
<subfield code="n">Acta Fisiátrica; v. 9 n. 2 (2002)</subfield>
</datafield>  <datafield tag="546" ind1=" " ind2=" ">
<subfield code="a">por</subfield>
</datafield>   <datafield tag="540" ind1=" " ind2=" ">
<subfield code="a">Copyright (c) 2002 Acta Fisiátrica</subfield>
</datafield>
</record>
</metadata>
</record>
<resumptionToken expirationDate="2023-08-08T14:49:55Z" completeListSize="935" cursor="100">efaafd7d8def5751221e16153b9e441b</resumptionToken>
</ListRecords>
</OAI-PMH> 